@book{hoffman2007banach,
  title={Banach spaces of analytic functions},
  author={Hoffman, Kenneth},
  year={2007},
  publisher={Courier Corporation}
}

@book{mashreghi2009representation,
  title={Representation theorems in Hardy spaces},
  author={Mashreghi, Javad},
  volume={74},
  year={2009},
  publisher={Cambridge University Press}
}

@book{koosis1998introduction,
  title={Introduction to Hp spaces},
  author={Koosis, Paul},
  number={115},
  year={1998},
  publisher={Cambridge University Press}
}

@book{axler2020measure,
  title={Measure, integration \& real analysis},
  author={Axler, Sheldon},
  year={2020},
  publisher={Springer Nature}
}

@book{duren1970theory,
  title={Theory of H p Spaces},
  author={Duren, Peter L},
  year={1970},
  publisher={Academic press}
}

@book{axler2013harmonic,
  title={Harmonic function theory},
  author={Axler, Sheldon and Bourdon, Paul and Wade, Ramey},
  volume={137},
  year={2013},
  publisher={Springer Science \& Business Media}
}

@book{katzourakis2018illustrative,
  title={An Illustrative Introduction to Modern Analysis},
  author={Katzourakis, Nikolaos and Varvaruca, Eugen},
  year={2018},
  publisher={CRC Press}
}
@book{rynne2007linear,
  title={Linear functional analysis},
  author={Rynne, Bryan and Youngson, Martin A},
  year={2007},
  publisher={Springer Science \& Business Media}
}


@book{rudin1987real,
  title={Real and Complex Analysis},
  author={Rudin, W.},
  isbn={9780071002769},
  lccn={86000007},
  series={Mathematics series},
  url={https://books.google.co.in/books?id=NmW7QgAACAAJ},
  year={1987},
  publisher={McGraw-Hill}
}

@book{cohn2013measure,
  title={Measure theory},
  author={Cohn, Donald L},
  volume={1},
  year={2013},
  publisher={Springer}
}

@book{ash2014complex,
  title={Complex variables},
  author={Ash, Robert B},
  year={2014},
  publisher={Academic Press}
}

@book{fisher1983function,
  title={Function Theory on Planar Domains: A Second Course in Complex Analysis},
  author={Fisher, S.D.},
  isbn={9780471873143},
  lccn={82020106},
  series={A Wieley-Interscience publication},
  url={https://books.google.co.in/books?id=CzxPAQAAIAAJ},
  year={1983},
  publisher={Wiley}
}

@book{katznelson2004introduction,
  title={An introduction to harmonic analysis},
  author={Katznelson, Yitzhak},
  year={2004},
  publisher={Cambridge University Press}
}
@book{garnett2007bounded,
  title={Bounded analytic functions},
  author={Garnett, John},
  volume={236},
  year={2007},
  publisher={Springer Science \& Business Media}
}

